@article{hu2022lora,
  title={Lora: Low-rank adaptation of large language models.},
  author={Hu, Edward J and Shen, Yelong and Wallis, Phillip and Allen-Zhu, Zeyuan and Li, Yuanzhi and Wang, Shean and Wang, Lu and Chen, Weizhu and others},
  journal={ICLR},
  volume={1},
  number={2},
  pages={3},
  year={2022}
}

@misc{jiang2023mistral7b,
      title={Mistral 7B}, 
      author={Albert Q. Jiang and Alexandre Sablayrolles and Arthur Mensch and Chris Bamford and Devendra Singh Chaplot and Diego de las Casas and Florian Bressand and Gianna Lengyel and Guillaume Lample and Lucile Saulnier and Lélio Renard Lavaud and Marie-Anne Lachaux and Pierre Stock and Teven Le Scao and Thibaut Lavril and Thomas Wang and Timothée Lacroix and William El Sayed},
      year={2023},
      eprint={2310.06825},
      archivePrefix={arXiv},
      primaryClass={cs.CL},
      url={https://arxiv.org/abs/2310.06825}, 
}

@article{kudo2018sentencepiece,
  title={SentencePiece: A simple and language independent subword tokenizer and detokenizer for neural text processing},
  author={Kudo, Taku and Richardson, John},
  journal={arXiv preprint arXiv:1808.06226},
  year={2018}
}

@misc{dettmers2023qloraefficientfinetuningquantized,
      title={QLoRA: Efficient Finetuning of Quantized LLMs}, 
      author={Tim Dettmers and Artidoro Pagnoni and Ari Holtzman and Luke Zettlemoyer},
      year={2023},
      eprint={2305.14314},
      archivePrefix={arXiv},
      primaryClass={cs.LG},
      url={https://arxiv.org/abs/2305.14314}, 
}

@article{dettmers2022optimizers,
  title={8-bit Optimizers via Block-wise Quantization},
  author={Dettmers, Tim and Lewis, Mike and Shleifer, Sam and Zettlemoyer, Luke},
  journal={9th International Conference on Learning Representations, ICLR},
  year={2022}
}

@article{kim2014convolutional,
  title={Convolutional neural networks for sentence classification},
  author={Kim, Yoon},
  journal={arXiv preprint arXiv:1408.5882},
  year={2014}
}