@article{nishino2017cupy,
  title={Cupy: A numpy-compatible library for nvidia gpu calculations},
  author={Nishino, ROYUD and Loomis, Shohei Hido Crissman},
  journal={31st confernce on neural information processing systems},
  volume={151},
  number={7},
  year={2017}
}

